@inproceedings{boulton1954drawdown,
  title =	 {The drawdown of the water-table under non-steady
                  conditions near a pumped well in an unconfined
                  formation.},
  author =	 {Boulton, N.S.},
  booktitle =	 {ICE Proceedings: Engineering Divisions},
  volume =	 3,
  number =	 4,
  pages =	 {564--579},
  year =	 1954,
  organization = {Ice Virtual Library}
}

@article{dougherty1984flow,
  title =	 {Flow to a partially penetrating well in a
                  double-porosity reservoir},
  author =	 {Dougherty, DE and Babu, DK},
  journal =	 {Water Resources Research},
  volume =	 20,
  number =	 8,
  pages =	 {1116--1122},
  year =	 1984,
  publisher =	 {American Geophysical Union}
}

@article{hantush1960modification,
  title =	 {Modification of the theory of leaky aquifers},
  author =	 {Hantush, M.S.},
  journal =	 {Journal of Geophysical Research},
  volume =	 65,
  number =	 11,
  pages =	 {3713--3725},
  year =	 1960,
  publisher =	 {American Geophysical Union}
}

@article{neuman1972theory,
  title =	 {Theory of flow in unconfined aquifers considering
                  delayed response of the water table},
  author =	 {Neuman, S.P.},
  journal =	 {Water Resources Research},
  volume =	 8,
  number =	 4,
  pages =	 {1031--1045},
  year =	 1972,
  publisher =	 {American Geophysical Union}
}
