@article{alhargan2000,
  title =	 {Algorithms for the computation of all {M}athieu
                  functions of integer orders},
  author =	 {Alhargan, Fayez A.},
  journal =	 {ACM Transactions on Mathematical Software (TOMS)},
  volume =	 26,
  number =	 3,
  pages =	 {390--407},
  year =	 2000,
  publisher =	 {ACM}
}

@article{bakker2004two,
  title =	 {Two-dimensional steady unsaturated flow through
                  embedded elliptical layers},
  author =	 {Bakker, Mark and Nieber, John L.},
  journal =	 {Water Resources Research},
  volume =	 40,
  number =	 12,
  pages =	 {W12406},
  year =	 2004,
  publisher =	 {American Geophysical Union}
}

@article{blanch1966numerical,
  title =	 {Numerical aspects of {M}athieu eigenvalues},
  author =	 {Blanch, Gertrude},
  journal =	 {Rendiconti del Circolo Matematico di Palermo},
  volume =	 15,
  number =	 1,
  pages =	 {51--97},
  year =	 1966,
  publisher =	 {Springer}
}

@Article{delft73,
  author =	 {{Delft Numerical Analysis Group}},
  title =	 {On the computation of {M}athieu functions},
  journal =	 {Journal of Engineering Mathematics},
  year =	 1973,
  volume =	 7,
  number =	 1,
  pages =	 {39--61}
}

@Article{kuhlmanneuman09,
  author =	 {Kuhlman, Kristopher L. and Neuman, Shlomo P.},
  title =	 {The {L}aplace-transform analytic-element method for
                  porous media flow},
  journal =	 {Journal of Engineering Mathematics},
  year =	 2009,
  volume =	 43,
  number =	 {??},
  pages =	 {xxx--yyy}
}

@article{kuhlmanwarrick08,
  title =	 {Quasilinear infiltration from an elliptical cavity},
  author =	 {Kuhlman, Kristopher L. and Warrick, Arthur W.},
  journal =	 {Advances in Water Resources},
  volume =	 31,
  number =	 8,
  pages =	 {1057--1065},
  year =	 2008,
  publisher =	 {Elsivier}
}

@article{stamnes1995new,
  title =	 {New method for computing eigenfunctions ({M}athieu
                  functions) for scattering by elliptical cylinders},
  author =	 {Stamnes, JJ and Spjelkavik, B.},
  journal =	 {Pure and Applied Optics: Journal of the European
                  Optical Society Part A},
  volume =	 4,
  pages =	 251,
  year =	 1995,
  publisher =	 {IOP Publishing}
}
